<?xml version="1.0" encoding="UTF-8" ?><marc:collection xmlns:marc="http://www.loc.gov/MARC21/slim" xmlns:xsi="http://www.w3.org/2001/XMLSchema-instance" xsi:schemaLocation="http://www.loc.gov/MARC21/slim http://www.loc.gov/standards/marcxml/schema/MARC21slim.xsd">
<marc:record><marc:leader>01686nas a2200445 i 4500</marc:leader>
<marc:controlfield tag="001">on1413728060</marc:controlfield>
<marc:controlfield tag="003">OCoLC</marc:controlfield><marc:controlfield tag="005">20231212053844.0</marc:controlfield><marc:controlfield tag="006">m     o  d        </marc:controlfield><marc:controlfield tag="007">cr |||||||||||</marc:controlfield><marc:controlfield tag="008">231212d197319uuorumr peo     0    0eng c</marc:controlfield><marc:datafield tag="010" ind1=" " ind2=" "><marc:subfield code="a">  2023240465</marc:subfield></marc:datafield><marc:datafield tag="040" ind1=" " ind2=" "><marc:subfield code="a">ORU</marc:subfield><marc:subfield code="b">eng</marc:subfield><marc:subfield code="e">rda</marc:subfield><marc:subfield code="e">pn</marc:subfield><marc:subfield code="c">ORU</marc:subfield></marc:datafield><marc:datafield tag="035" ind1=" " ind2=" "><marc:subfield code="a">(OCoLC)1413728060</marc:subfield></marc:datafield><marc:datafield tag="042" ind1=" " ind2=" "><marc:subfield code="a">pcc</marc:subfield></marc:datafield><marc:datafield tag="043" ind1=" " ind2=" "><marc:subfield code="a">n-us-or</marc:subfield></marc:datafield><marc:datafield tag="049" ind1=" " ind2=" "><marc:subfield code="a">ORUM</marc:subfield></marc:datafield><marc:datafield tag="245" ind1="0" ind2="0"><marc:subfield code="a">Pilot rock.</marc:subfield></marc:datafield><marc:datafield tag="264" ind1=" " ind2="1"><marc:subfield code="3">-July 19, 1973:</marc:subfield><marc:subfield code="a">Ashland, OR. :</marc:subfield><marc:subfield code="b">Pilot Rock News Co.,</marc:subfield><marc:subfield code="c">1973-</marc:subfield></marc:datafield><marc:datafield tag="264" ind1="3" ind2="1"><marc:subfield code="3">Aug. 2, 1973- :</marc:subfield><marc:subfield code="a">Ashland, OR :</marc:subfield><marc:subfield code="b">Pilot Rock Publications, Inc.</marc:subfield></marc:datafield><marc:datafield tag="300" ind1=" " ind2=" "><marc:subfield code="a">1 online resource</marc:subfield></marc:datafield><marc:datafield tag="310" ind1=" " ind2=" "><marc:subfield code="a">Monthly,</marc:subfield><marc:subfield code="b">Oct. 1974-</marc:subfield></marc:datafield><marc:datafield tag="321" ind1=" " ind2=" "><marc:subfield code="a">Bimonthly,</marc:subfield><marc:subfield code="b">1973-July 22, 1974</marc:subfield></marc:datafield><marc:datafield tag="336" ind1=" " ind2=" "><marc:subfield code="a">text</marc:subfield><marc:subfield code="b">txt</marc:subfield><marc:subfield code="2">rdacontent</marc:subfield></marc:datafield><marc:datafield tag="336" ind1=" " ind2=" "><marc:subfield code="a">still image</marc:subfield><marc:subfield code="b">sti</marc:subfield><marc:subfield code="2">rdacontent</marc:subfield></marc:datafield><marc:datafield tag="337" ind1=" " ind2=" "><marc:subfield code="a">computer</marc:subfield><marc:subfield code="b">c</marc:subfield><marc:subfield code="2">rdamedia</marc:subfield></marc:datafield><marc:datafield tag="338" ind1=" " ind2=" "><marc:subfield code="a">online resource</marc:subfield><marc:subfield code="b">cr</marc:subfield><marc:subfield code="2">rdacarrier</marc:subfield></marc:datafield><marc:datafield tag="362" ind1="1" ind2=" "><marc:subfield code="a">Print began with No. 1 (June 7, 1973), ceased in 1975?</marc:subfield></marc:datafield><marc:datafield tag="500" ind1=" " ind2=" "><marc:subfield code="a">Subtitle varies.</marc:subfield></marc:datafield><marc:datafield tag="515" ind1=" " ind2=" "><marc:subfield code="a">Issues for Aug.-Sept. 1974 and Mar. 1975 not published.</marc:subfield></marc:datafield><marc:datafield tag="588" ind1="0" ind2=" "><marc:subfield code="a">Mircrofilm version record.</marc:subfield></marc:datafield><marc:datafield tag="588" ind1="1" ind2=" "><marc:subfield code="a">Issue 34 (April 1975) (University of Oregon, Historic Oregon Newspapers, viewed December 12, 2023).</marc:subfield></marc:datafield><marc:datafield tag="651" ind1=" " ind2="0"><marc:subfield code="a">Ashland (Or.)</marc:subfield><marc:subfield code="v">Periodicals.</marc:subfield></marc:datafield><marc:datafield tag="650" ind1=" " ind2="0"><marc:subfield code="a">Entertainment events</marc:subfield><marc:subfield code="z">Oregon</marc:subfield><marc:subfield code="z">Ashland</marc:subfield><marc:subfield code="v">Periodicals.</marc:subfield></marc:datafield><marc:datafield tag="650" ind1=" " ind2="0"><marc:subfield code="a">American literature</marc:subfield><marc:subfield code="z">Oregon</marc:subfield><marc:subfield code="z">Ashland</marc:subfield><marc:subfield code="v">Periodicals.</marc:subfield></marc:datafield><marc:datafield tag="655" ind1=" " ind2="7"><marc:subfield code="a">Serial publications.</marc:subfield><marc:subfield code="2">lcgft</marc:subfield></marc:datafield><marc:datafield tag="655" ind1=" " ind2="7"><marc:subfield code="a">Periodicals.</marc:subfield><marc:subfield code="2">lcgft</marc:subfield></marc:datafield><marc:datafield tag="776" ind1="0" ind2="8"><marc:subfield code="i">Microfilm version:</marc:subfield><marc:subfield code="t">Pilot rock</marc:subfield><marc:subfield code="w">(DLC)  2012260350</marc:subfield><marc:subfield code="w">(OCoLC)795533667</marc:subfield></marc:datafield><marc:datafield tag="856" ind1="4" ind2="0"><marc:subfield code="3">1973 June 21-1975 Apr.</marc:subfield><marc:subfield code="u">https://oregonnews.uoregon.edu/lccn/2023240465/</marc:subfield><marc:subfield code="z">University of Oregon, Historic Oregon Newspapers</marc:subfield></marc:datafield><marc:datafield tag="994" ind1=" " ind2=" "><marc:subfield code="a">C0</marc:subfield><marc:subfield code="b">ORU</marc:subfield></marc:datafield></marc:record>
</marc:collection>
